<?xml version="1.0" encoding="UTF-8"?>
<record xmlns="http://www.loc.gov/MARC21/slim">
   <leader>00581cam a2200205Ia 4500</leader>
   <controlfield tag="001">6535391</controlfield>
   <controlfield tag="003">NjP</controlfield>
   <controlfield tag="005">20110425121112.0</controlfield>
   <controlfield tag="008">860228s1948    le a          000 0 arard</controlfield>
   <datafield tag="024" ind1="7" ind2=" ">
      <subfield code="a">princeton_aco003750</subfield>
      <subfield code="2">local</subfield>
   </datafield>
   <datafield ind1=" " ind2=" " tag="035">
      <subfield code="a">(OCoLC)ocm13213953</subfield>
   </datafield>
   <datafield ind1=" " ind2=" " tag="040">
      <subfield code="a">CLU</subfield>
      <subfield code="c">CLU</subfield>
      <subfield code="d">OCL</subfield>
      <subfield code="d">IXA</subfield>
      <subfield code="d">OCLCQ</subfield>
   </datafield>
   <datafield ind1=" " ind2=" " tag="035">
      <subfield code="a">(OCoLC)13213953</subfield>
   </datafield>
   <datafield ind1=" " ind2=" " tag="043">
      <subfield code="a">a-le---</subfield>
   </datafield>
   <datafield ind1=" " ind2="4" tag="050">
      <subfield code="a">DS80.2</subfield>
      <subfield code="b">.L96</subfield>
   </datafield>
   <datafield ind1=" " ind2=" " tag="049">
      <subfield code="a">PULL</subfield>
   </datafield>
   <datafield ind1="0" ind2="0" tag="245">
      <subfield code="a">Lubnān :</subfield>
      <subfield code="b">mawṭin al-ulfah.</subfield>
   </datafield>
   <datafield ind1=" " ind2=" " tag="260">
      <subfield code="a">Bayrūt :</subfield>
      <subfield code="b">al-Ādāb al-Sharqīyah,</subfield>
      <subfield code="c">1948.</subfield>
   </datafield>
   <datafield ind1=" " ind2=" " tag="300">
      <subfield code="a">153 p. :</subfield>
      <subfield code="b">chiefly ill. ;</subfield>
      <subfield code="c">27 cm.</subfield>
   </datafield>
   <datafield ind1=" " ind2="0" tag="651">
      <subfield code="a">Lebanon</subfield>
      <subfield code="v">Pictorial works.</subfield>
   </datafield>
   <datafield ind1=" " ind2=" " tag="994">
      <subfield code="a">C0</subfield>
      <subfield code="b">PUL</subfield>
   </datafield>
   <datafield ind1=" " ind2=" " tag="902">
      <subfield code="a">jab</subfield>
      <subfield code="b">r</subfield>
      <subfield code="6">a</subfield>
      <subfield code="7">m</subfield>
      <subfield code="d">v</subfield>
      <subfield code="f">1</subfield>
      <subfield code="e">20110425</subfield>
   </datafield>
   <datafield ind1="0" ind2=" " tag="852">
      <subfield code="0">6506524</subfield>
      <subfield code="b">rcppa</subfield>
      <subfield code="h">DS80.2</subfield>
      <subfield code="i">.L96</subfield>
      <subfield code="x">tr fr f</subfield>
   </datafield>
   <datafield ind1=" " ind2=" " tag="959">
      <subfield code="a">2011-04-25 12:12:49 -0400</subfield>
   </datafield>
</record>
